@inproceedings{fallon15humanoids,
   author = {M. Fallon and P. Marion and R. Deits and T. Whelan and M. Antone and J.B. McDonald and R. Tedrake},
   title = {Continuous Humanoid Locomotion Over Uneven Terrain Using Stereo Fusion},
   booktitle = {International Conference on Humanoid Robots},
   address = {Seoul},
   month = {Nov},
   year = {2015}
}

@inproceedings{Whelan12rssw,
   author = {T. Whelan and M. Kaess and M.F. Fallon and
	H. Johannsson and J.J. Leonard and J.B. McDonald},
   title = {Kintinuous: Spatially Extended {K}inect{F}usion},
   booktitle = {RSS Workshop on RGB-D: Advanced Reasoning with Depth Cameras},
   address = {Sydney, Australia},
   month = {Jul},
   year = {2012}
}

@article{klingensmithchisel,
  title={CHISEL: Real Time Large Scale 3D Reconstruction Onboard a Mobile Device using Spatially-Hashed Signed Distance Fields},
  author={Klingensmith, Matthew and Dryanovski, Ivan and Srinivasa, Siddhartha S and Xiao, Jizhong},
  publisher={Citeseer}
}

@inproceedings{klingensmithchisel,
   author = {"Klingensmith, Matthew and Dryanovski, Ivan and Srinivasa, Siddhartha and Xiao, Jizhong"},
   title = "Chisel: Real Time Large Scale 3D Reconstruction Onboard a Mobile Device",
   booktitle = "Robotics Science and Systems 2015",
   month = "July",
   year = "2015",
}

@inproceedings{may2014generalized,
  title={A Generalized 2D and 3D Multi-Sensor Data Integration Approach based on Signed Distance Functions for Multi-Modal Robotic Mapping.},
  author={May, Stefan and Koch, Philipp and Koch, Rainer and Merkl, Christian and Pfitzner, Christian and N{\"u}chter, Andreas},
  booktitle={VMV},
  pages={95--102},
  year={2014}
}

@inproceedings{curless1996volumetric,
  title={A volumetric method for building complex models from range images},
  author={Curless, Brian and Levoy, Marc},
  booktitle={Proceedings of the 23rd annual conference on Computer graphics and interactive techniques},
  pages={303--312},
  year={1996},
  organization={ACM}
}

@inproceedings{newcombe2011kinectfusion,
  title={KinectFusion: Real-time dense surface mapping and tracking},
  author={Newcombe, Richard A and Izadi, Shahram and Hilliges, Otmar and Molyneaux, David and Kim, David and Davison, Andrew J and Kohi, Pushmeet and Shotton, Jamie and Hodges, Steve and Fitzgibbon, Andrew},
  booktitle={Mixed and augmented reality (ISMAR), 2011 10th IEEE international symposium on},
  pages={127--136},
  year={2011},
  organization={IEEE}
}

@inproceedings{trifonov2013real,
  title={Real-time High Resolution Fusion of Depth Maps on GPU},
  author={Trifonov, Dmitry S},
  booktitle={Computer-Aided Design and Computer Graphics (CAD/Graphics), 2013 International Conference on},
  pages={441--442},
  year={2013},
  organization={IEEE}
}

@article{niessner2013real,
  title={Real-time 3d reconstruction at scale using voxel hashing},
  author={Nie{\ss}ner, Matthias and Zollh{\"o}fer, Michael and Izadi, Shahram and Stamminger, Marc},
  journal={ACM Transactions on Graphics (TOG)},
  volume={32},
  number={6},
  pages={169},
  year={2013},
  publisher={ACM}
}

@inproceedings{lorensen1987marching,
  title={Marching cubes: A high resolution 3D surface construction algorithm},
  author={Lorensen, William E and Cline, Harvey E},
  booktitle={ACM siggraph computer graphics},
  volume={21},
  number={4},
  pages={163--169},
  year={1987},
  organization={ACM}
}

@inproceedings{amanatides1987fast,
  title={A fast voxel traversal algorithm for ray tracing},
  author={Amanatides, John and Woo, Andrew and others},
  booktitle={Eurographics},
  volume={87},
  number={3},
  pages={10},
  year={1987}
}

@inproceedings{Fankhauser2014RobotCentricElevationMapping,
  author = {Fankhauser, PÃ©ter and Bloesch, Michael and Gehring, Christian and Hutter, Marco and Siegwart, Roland},
  title = {Robot-Centric Elevation Mapping with Uncertainty Estimates},
  booktitle = {International Conference on Climbing and Walking Robots (CLAWAR)},
  year = {2014}
}