@comment{x-kbibtex-personnameformatting=<%l><, %f>}

@article{valkyrie,
	author = "Radford, Nicolaus A. and Strawser, Philip and Hambuchen, Kimberly and Mehling, Joshua S. and others",
	journal = "Journal of Field Robotics",
	title = "{Valkyrie: NASA's First Bipedal Humanoid Robot}",
	year = "2015"
}

@booklet{multisense,
	author = "{Carnegie Robotics}, LLC",
	title = "{MultiSense SL Product Brochure}",
	year = "2014"
}

@techreport{robosimian,
	author = "Hebert, Paul and Bajracharya, Max and Ma, Jeremy and Hudson, Nicolas and Aydemir, Alper and Reid, Jason and Bergh, Charles and Borders, James and Frost, Matthew and Hagman, Michael",
	institution = "DTIC Document",
	title = "{Mobile Manipulation and Mobility as Manipulation: Design and Algorithms of RoboSimian}",
	year = "2014"
}

