% This file was created with JabRef 2.10.
% Encoding: UTF8

@phdthesis{Mueller.2014,
	author		= {Müller, Björn},
	title		= {Methods for higher order numerical simulations of complex inviscid fluids with immersed boundaries},
	school		= {Technische Universität Darmstadt},
	%address	= "",
	year		= {2014},
	%month		= "",
	%keywords	= "",
	%note		= "",
}

@misc{Cockburn.2014,
	author		= {Cockburn, Bernardo},
	title		= {An Introduction to the Discontinuous Galerkin Method for Convection-Dominated Problems},
	%school		= {School of Mathematics, University of Minnesota},
	%address	    = {Minneapolis, Minnesota 55455, USA},
	%year		= {2014},
	%month		= "",
	%keywords	= "",
	%note		= "",
}

@Book{Baade.2005,
  Title                    = {Wissenschaftlich arbeiten: Ein Leitfaden für Studierende der Geographie},
  Author                   = {Baade, Jussi and Gertel, Holger and Schlottmann, Antje},
  Year                     = {2005},
  ISBN                     = {9783825226305},
  Publisher                = {Haupt},
  Series                   = {UTB},
  Volume                   = {2630},

  Address                  = {Bern and Stuttgart and Wien}
}

@Article{Blomeke.2006,
  Title                    = {Analyse der Qualität von Aufgaben aus didaktischer und fachlicher Sicht},
  Author                   = {Blömeke, Sigrid},
  Year                     = {2006},
  Number                   = {4},
  Pages                    = {330–357},
  Volume                   = {34},

  Journal                  = {Unterrichtswissenschaft}
}

